@article{BogaertsBart2014Sdsu,
issn = "1471-0684",
journal = "Theory and Practice of Logic Programming",
pages = "477--492",
volume = "14",
number = "4-5",
year = "2014",
title = "Simulating dynamic systems using linear time calculus theories",
language = "eng",
author = "Bogaerts, Bart",
url = "https://lirias.kuleuven.be/bitstream/123456789/451582/1/SimulatingDynamicSystemsUsingLTC.pdf",
}


